% find the format for bib at https://web.mit.edu/rsi/www/pdfs/bibtex-format.pdf
% find bit styling from https://www.youtube.com/watch?v=E6pfvp4SIPY
% cite into using command \cite{unique key}


@article{article1,
	author = {Arthur B Cummings and David Eftekhary and Frank G House},
	title = {The accurate determination of college students’
	coefficients of friction},
	journal = {Journal of Sketchy Physics},
	volume = {13},
	year = {2003},
	number = {2},
	pages = {46--129}
}

@book{book1 ,
	author = {I J Kuss},
	title = {On the Importance of Kissing Up to Your Boss},
	edition = {5},
	publisher = {Dilbert Books},
	address = {Cambridge MA},
	year = {1995}
}

@techreport{report1 ,
	author = {Robert Swearingen},
	title = {Morpholoty and syntax of British sailors’ English},
	series = {Technical Report},
	volume = {249},
	publisher = {Profanity Institute},
	address = {New York NY},
	year = {1985}
}

@incollection{incollection1,
	author = {Tom Upsilon},
	title = {Obscure Greek letters and their meaningsin mathematics and the sciences},
	editor = {V W Xavier},
	booktitle = {Proceedings of the seventh international trivia conference},
	publisher = {Last Resort Publishers},
	address = {Philadelphia PA},
	year = {1987},
	pages = {129--158}
}

%Website
@misc{website1 ,
	author = {James Tetazoo},
	title = {A brief guide to recreational pyromania},
	howpublished = {Available at \url{http://www.blowinglotsofweirdstuffup.com/guide.html} (2005/06/12)}
}