@article{Jung2018,
	author={Jung, Seungwon and Kim, Yongsung and Hwang, Eenjun},
	title={Real-time car tracking system based on surveillance videos},
	journal={EURASIP Journal on Image and Video Processing},
	year={2018},
	month={Nov},
	day={28},
	volume={2018},
	number={1},
	pages={133},
	issn={1687-5281},
	doi={10.1186/s13640-018-0374-7},
	url={https://doi.org/10.1186/s13640-018-0374-7}
}

@article{Traffic_management_systems,
	author = {Allan M de Souza and Celso ARL Brennand and Roberto S Yokoyama and Erick A Donato and Edmundo RM Madeira and Leandro A Villas},
	title ={Traffic management systems: A classification, review, challenges, and future perspectives},
	journal = {International Journal of Distributed Sensor Networks},
	volume = {13},
	number = {4},
	pages = {1550147716683612},
	year = {2017},
	doi = {10.1177/1550147716683612},
	url = {https://doi.org/10.1177/1550147716683612},
	eprint = {https://doi.org/10.1177/1550147716683612}
}