@inproceedings{Tang_2019_CVPR,
	author = {Tang, Zheng and Naphade, Milind and Liu, Ming-Yu and Yang, Xiaodong and Birchfield, Stan and Wang, Shuo and Kumar, Ratnesh and Anastasiu, David and Hwang, Jenq-Neng},
	title = {CityFlow: A City-Scale Benchmark for Multi-Target Multi-Camera Vehicle Tracking and Re-Identification},
	booktitle = {Proceedings of the IEEE/CVF Conference on Computer Vision and Pattern Recognition (CVPR)},
	month = {June},
	year = {2019},
	archivePrefix = {arXiv},
	eprint = {1903.09254},
	primaryClass = {cs.CV},
	url = {https://ui.adsabs.harvard.edu/abs/2019arXiv190309254T},
	journal={2019 IEEE/CVF Conference on Computer Vision and Pattern Recognition (CVPR)},
	pages={8789-8798}
}

@article{cai2019efficient,
	title={Efficient and deep vehicle re-identification using multi-level feature extraction},
	author={Cai, Jingye and Deng, Jianhua and Aftab, Muhammad Umar and Khokhar, Muhammad Saddam and Kumar, Rajesh and others},
	journal={Applied Sciences},
	volume={9},
	number={7},
	pages={1291},
	year={2019},
	publisher={Multidisciplinary Digital Publishing Institute},
	URL = {https://www.mdpi.com/2076-3417/9/7/1291},
	ISSN = {2076-3417},
	DOI = {10.3390/app9071291}
}

@article{deng2021trends,
	title={Trends in vehicle re-identification past, present, and future: A comprehensive review},
	author={Deng, Jianhua and Hao, Yang and Khokhar, Muhammad Saddam and Kumar, Rajesh and Cai, Jingye and Kumar, Jay and Aftab, Muhammad Umar and others},
	journal={Mathematics},
	volume={9},
	number={24},
	pages={3162},
	year={2021},
	publisher={Multidisciplinary Digital Publishing Institute},
	eprint={2102.09744},
	archivePrefix={arXiv},
	primaryClass={cs.CV},
	url = {https://ui.adsabs.harvard.edu/abs/2021arXiv210209744Z}
}

@article{manzoor2019real,
	title={Real-time vehicle make and model recognition system},
	author={Manzoor, Muhammad Asif and Morgan, Yasser and Bais, Abdul},
	journal={Machine Learning and Knowledge Extraction},
	volume={1},
	number={2},
	pages={611--629},
	year={2019},
	publisher={Multidisciplinary Digital Publishing Institute},
	URL = {https://www.mdpi.com/2504-4990/1/2/36},
	ISSN = {2504-4990},
	DOI = {10.3390/make1020036}
}

@misc{obj_track_deep_yolo,
  author = {Bobby Chen},
  title = {Object-Detection-and-Tracking},
  year = {2021},
  publisher = {GitHub},
  journal = {GitHub repository},
  howpublished = {\url{https://github.com/yehengchen/Object-Detection-and-Tracking}},
  commit = {85a13b9957c07b12e299d9320640f01df33be869}
}

@misc{paddlepaddle,
  author = {PaddlePaddle org},
  title = {PaddleDetection},
  year = {2022},
  publisher = {GitHub},
  journal = {GitHub repository},
  howpublished = {\url{https://github.com/PaddlePaddle/PaddleDetection}},
  commit = {f0eb507c5c5d63fe4a8a8c66aa8e5ba42219bb0a}
}

@misc{deepsort_web,
  title={DeepSORT: Deep Learning to track custom objects in a video},
  url={https://nanonets.com/blog/object-tracking-deepsort/#deep-sort},
  journal={AI & Machine Learning Blog},
  author={R Maiya, Shishira},
  year={2022}
}

@misc{siamese_keras,
  title={Keras documentation: Image similarity estimation using a Siamese Network with a triplet loss},
  url={https://keras.io/examples/vision/siamese_network/},
  journal={Keras.io},
  author={Team, Keras},
  year={2022}
}

@misc{diff_algo,
  title={Object Detection Algorithms and Libraries - neptune.ai},
  url={https://neptune.ai/blog/object-detection-algorithms-and-libraries},
  journal={neptune.ai},
  author={K, Bharath},
  year={2022}
}

@misc{yolo_core_paper,
  doi = {10.48550/ARXIV.1506.02640},
  url = {https://arxiv.org/abs/1506.02640},
  author = {Redmon, Joseph and Divvala, Santosh and Girshick, Ross and Farhadi, Ali},
  title = {You Only Look Once: Unified, Real-Time Object Detection},
  publisher = {arXiv},
  year = {2015},
  copyright = {arXiv.org perpetual, non-exclusive license}
}

@misc{theaiguyscode_deepsort,
  author = {theAIGuysCode},
  title = {yolov4-deepsort},
  year = {2021},
  publisher = {GitHub},
  journal = {GitHub repository},
  howpublished = {\url{https://github.com/theAIGuysCode/yolov4-deepsort}},
  commit = {24e675f59d556e13c680df125918ec031c4bd683}
}

@misc{siamese_git,
  author = {Adithya Dutt},
  title = {Siamese-Networks-Tutorial},
  year = {2021},
  publisher = {GitHub},
  journal = {GitHub repository},
  howpublished = {\url{https://github.com/AdityaDutt/Siamese-Networks-Tutorial}},
  commit = {faef0e9a399649fb59a1782886e59f9122aa6e48}
}
